@book{green1998enhanced,
  title={Enhanced oil recovery},
  author={Green, Don W and Willhite, G Paul and others},
  volume={6},
  year={1998},
  publisher={Henry L. Doherty Memorial Fund of AIME, Society of Petroleum Engineers Richardson, TX}
}

@misc{Petropedia,
  author = {PetroPedia},
  title = {{Hot Water Flooding}},
  howpublished = "\url{https://www.petropedia.com/definition/6773/hot-water-flooding}",
  year = {2018}, 
  note = "[Online; accessed April 25, 2018]"}

@incollection{el2017hydrophobic,
  title={Hydrophobic Polymers Flooding},
  author={El-hoshoudy, Abdelaziz N and Desouky, Saad M and Betiha, Mohamed H and Alsabagh, Ahmed M},
  booktitle={Application and Characterization of Surfactants},
  year={2017},
  publisher={InTech}
}

@misc{CO2Solution,
  author = {CO2solution.com},
  title = {{Enhanced Oil Recovery}},
  howpublished = "\url{https://www.co2solutions.com/en/EOR}",
  year = {2018}, 
  note = "[Online; accessed May 15, 2018]"}

@article{doghaish2008analysis,
  title={Analysis of Enhanced Oil Recovery-A Literature Review},
  author={Doghaish, NM},
  journal={Dalhousie University. Halifax: unpublished work},
  year={2008}
}

@article{abidin2012polymers,
  title={Polymers for enhanced oil recovery technology},
  author={Abidin, AZ and Puspasari, T and Nugroho, WA},
  journal={Procedia Chemistry},
  volume={4},
  pages={11--16},
  year={2012},
  publisher={Elsevier}
}

@inproceedings{pope2007overview,
  title={Overview of chemical EOR},
  author={Pope, Gary A},
  booktitle={Casper EOR Workshop},
  year={2007},
  organization={The University of Texas at Austin Austin, TX}
}

@article{kantzas2012fundamentals,
  title={Fundamentals of fluid flow in porous media},
  author={Kantzas, Apostolos and Bryan, Jonathan and Taheri, Saeed},
  journal={Online book},
  year={2012}
}

@book{sheng2010modern,
  title={Modern chemical enhanced oil recovery: theory and practice},
  author={Sheng, James},
  year={2010},
  publisher={Gulf Professional Publishing}
}

@book{sorbie2013polymer,
  title={Polymer-improved oil recovery},
  author={Sorbie, Kenneth S},
  year={2013},
  publisher={Springer Science \& Business Media}
}

@article{wei2014mechanical,
  title={Mechanical properties and flow behavior of polymers for enhanced oil recovery},
  author={Wei, Bing and Romero-Zer{\'o}n, Laura and Rodrigue, Denis},
  journal={Journal of Macromolecular Science, Part B},
  volume={53},
  number={4},
  pages={625--644},
  year={2014},
  publisher={Taylor \& Francis}
}

@article{nguyen2015effective,
  title={Effective Factors on Viscosity of ASP Solutions: Experiments and Simulations},
  author={Nguyen, NTB and Nguyen, HX and Bae, W and Dang, CTQ},
  journal={Energy Sources, Part A: Recovery, Utilization, and Environmental Effects},
  volume={37},
  number={24},
  pages={2745--2753},
  year={2015},
  publisher={Taylor \& Francis}
}

@phdthesis{li2011study,
  title={Study of Foam Mobility Control in Surfactant Enhanced Oil Recovery Processes in One-Dimensional, Heterogeneous Two-Dimensional, and Micro Model Systems},
  author={Li, Robert F},
  year={2011},
  school={Rice University}
}

@phdthesis{guliyev2008simulation,
  title={Simulation study of areal sweep efficiency versus a function of mobility ratio and aspect ratio for staggered line-drive waterflood pattern},
  author={Guliyev, Ruslan},
  year={2008},
  school={Texas A\&M University}
}

@article{pereira2014ionic,
  title={Ionic liquid enhanced oil recovery in sand-pack columns},
  author={Pereira, Jorge FB and Costa, Rita and Foios, Neusa and Coutinho, Jo{\~a}o AP},
  journal={Fuel},
  volume={134},
  pages={196--200},
  year={2014},
  publisher={Elsevier}
}

@article{chang1978polymer,
  title={Polymer flooding technology yesterday, today, and tomorrow},
  author={Chang, Harry L and others},
  journal={Journal of Petroleum Technology},
  volume={30},
  number={08},
  pages={1--113},
  year={1978},
  publisher={Society of Petroleum Engineers}
}

@phdthesis{leijen2011response,
  title={Response surface methodology for simulation optimization of a packaging line},
  author={Leijen, MCF and Etman, LFP and Rooda, JE},
  year={2011},
  school={Masterâ€™s thesis, Eindhoven University of Technology, Department of Mechanical Engineering, Systems Engineering Group, Eindhoven Google Scholar}
}

@article{land1968calculation,
  title={Calculation of imbibition relative permeability for two-and three-phase flow from rock properties},
  author={Land, Carlon S and others},
  journal={Society of Petroleum Engineers Journal},
  volume={8},
  number={02},
  pages={149--156},
  year={1968},
  publisher={Society of Petroleum Engineers}
}

@inproceedings{pingping2005effects,
  title={Effects of Sweep Efficiency and Displacement Efficiency During Chemical Flooding on a Heterogeneous Reservoir},
  author={Pingping, Shen and Shiyi, Yuan and Baorong, Deng and Jie, Song and Kuiyou, Shen},
  booktitle={Haidian District, dipresentasikan pada International Symposium of the Society of Core Analysts held in Toronto, Canada},
  pages={21--25},
  year={2005}
}

@article{wang2009optimum,
  title={Optimum effective viscosity of polymer solution for improving heavy oil recovery},
  author={Wang, J and Dong, M},
  journal={Journal of Petroleum Science and Engineering},
  volume={67},
  number={3-4},
  pages={155--158},
  year={2009},
  publisher={Elsevier}
}

@inproceedings{wassmuth2007polymer,
  title={Polymer flood technology for heavy oil recovery},
  author={Wassmuth, FR and Green, K and Hodgins, L and Turta, AT and others},
  booktitle={Canadian international petroleum conference},
  year={2007},
  organization={Petroleum Society of Canada}
}