@article{jansen2004modelling,
  title={Modelling and Optimisation of Oil and Gas Production Systems},
  author={Jansen, JD and Currie, PK},
  journal={Petroleum Engineering Department of Geo technology in the Netherlands (jd jansen@ citg. tudelft. nl)},
  year={2004}
}

@article{dale1991production,
  title={Production optimization using Nodal analysis},
  author={Dale, Beggs H},
  journal={Oil and Gas Consultants international publications, Tulsa},
  year={1991}
}

@book{ahmed2006reservoir,
  title={Reservoir engineering handbook},
  author={Ahmed, Tarek},
  year={2006},
  publisher={Elsevier}
}

@book{schlum2010pipesim,
  title={PIPESIM Fundamentals},
  author={Schlumberger},
  year={2010},
  publisher={Schlumberger Information Solutions}
}

@book{standing1951volumetric,
  title={Volumetric and phase behavior of oil field hydrocarbon systems: PVT for engineers},
  author={Standing, Marshall Burton},
  year={1951},
  publisher={California Research Corp.}
}

@book{haole2003applyreservoir,
  title={Công nghệ mỏ ứng dụng},
  author={Lê Phước Hảo, Huỳnh Thanh Sơn},
  year={2003},
  publisher={Đại học Quốc gia TP Hồ Chí Minh}
}

@book{brill1999multiphase,
  title={Multiphase flow in wells},
  author={Brill, James P and Mukherjee, Hemant Kumar},
  volume={17},
  year={1999},
  publisher={Society of Petroleum Engineers}
}