@book{bourgoyne1991applied,
  title={Applied drilling engineering},
  author={Bourgoyne, Adam T and Millheim, Keith K and Chenevert, Martin E and Young, Farrile S},
  volume={2},
  year={1991},
  publisher={Society of Petroleum Engineers Richardson, TX}
}

@book{aadnoy2011fundamentals,
  title={Fundamentals of drilling engineering},
  author={Aadnoy, Bernt S and others},
  year={2011},
  publisher={Society of Petroleum Engineers,}
}

@inproceedings{bennion1996underbalanced,
  title={Underbalanced drilling, praises and perils},
  author={Bennion, D Brant and Thomas, F Brent and Bietz, Ronald F and Bennion, Douglas W and others},
  booktitle={Permian Basin Oil and Gas Recovery Conference},
  year={1996},
  organization={Society of Petroleum Engineers}
}


@book{rehm2013underbalanced,
  title={Underbalanced drilling: limits and extremes},
  author={Rehm, Bill and Haghshenas, Arash and Paknejad, Amir Saman and Al-Yami, Abdullah and Hughes, Jim},
  year={2013},
  publisher={Elsevier}
}

@article{driscoll1986groundwater,
  title={Groundwater and wells},
  author={Driscoll, Fletcher G},
  journal={St. Paul, Minnesota: Johnson Filtration Systems Inc., 1986, 2nd ed.},
  year={1986}
}

@techreport{culver1998drilling,
  title={Drilling and Well Construction},
  author={Culver, Gene},
  year={1998},
  institution={Geo-Heat Center, Klamath Falls, OR}
}

@article{wu2017research,
  title={Research on Rapid Identification and Evaluation Technology for Gas Formation during Underbalanced Drilling},
  author={Wu, Hao and Chen, Ping and Fan, Xiangyu and Xia, Hongquan and Wang, Junrui and Wang, Junli and Wu, Jian},
  journal={Geofluids},
  volume={2017},
  year={2017},
  publisher={Hindawi}
}

@inproceedings{knight2004hse,
  title={HSE Training, Implementation, and Production Results for a Long-Term Underbalanced Coiled-Tubing Multilateral Drilling Project},
  author={Knight, Jeff and Pickles, Rob and Smith, Bruce and Reynolds, Mike and others},
  booktitle={SPE/IADC Underbalanced Technology Conference and Exhibition},
  year={2004},
  organization={Society of Petroleum Engineers}
}

@book{guo2002gas,
  title={Gas volume requirements for underbalanced drilling: deviated holes},
  author={Guo, Boyun and Ghalambor, Ali},
  year={2002},
  publisher={PennWell Books}
}

@article{fan2015evaluation,
  title={An evaluation of porosity and permeability based on an unsteady seepage model in a reservoir while underbalanced drilling},
  author={Fan, Xiangyu and Wang, Junrui and Zhang, Qiangui and Zhou, Xin and Yu, Guo},
  journal={Journal of Petroleum Science and Engineering},
  volume={127},
  pages={367--376},
  year={2015},
  publisher={Elsevier}
}

@misc{HSE,
  author = {Society of Petroleum Engineers},
  title = {{HSE Management of UBD Operations - the case for the UBD Operations HSE case}},
  howpublished = "\url{http://petrowiki.org/Underbalanced_drilling_health_and_safety_issues}",
  year = {2015}, 
  note = "[Online; accessed 16-July-2015]"
}

@phdthesis{engevik2007risk,
  title={Risk Assessment of Underbalanced and Managed Pressure Drilling Operations},
  author={Engevik, Mari Oma},
  year={2007},
  school={MSc. Thesis. Norway: NTNU}
}

@book{rehm2013managed,
  title={Managed pressure drilling},
  author={Rehm, Bill and Schubert, Jerome and Haghshenas, Arash and Paknejad, Amir Saman and Hughes, Jim},
  year={2013},
  publisher={Elsevier}
}

@article{pedersen2015supervisory,
  title={Supervisory control for underbalanced drilling operations},
  author={Pedersen, Torbj{\o}rn and Godhavn, John-Morten and Schubert, Jerome},
  journal={IFAC-PapersOnLine},
  volume={48},
  number={6},
  pages={120--127},
  year={2015},
  publisher={Elsevier}
}

@inproceedings{mclellan1999borehole,
  title={Borehole stability analysis for underbalanced drilling},
  author={McLellan, P and Hawkes, C and others},
  booktitle={Annual Technical Meeting},
  year={1999},
  organization={Petroleum Society of Canada}
}

@article{nikoofard2016control,
  title={Control and Adaptive Observer Designs for Managed Pressure and Under Balanced Drilling},
  author={Nikoofard, Amirhossein},
  year={2016},
  publisher={NTNU}
}

@inproceedings{ramalho2007changing,
  title={Changing the Look and Feel of Underbalanced Drilling},
  author={Ramalho, John and others},
  booktitle={IADC/SPE Managed Pressure Drilling \& Underbalanced Operations},
  year={2007},
  organization={Society of Petroleum Engineers}
}
