@book{a,
	author={B.Rehm, A.Haghshenas, A.Pakneiad, A.Al-Yami, J.Hughes and J.Schubert}
	year={2012}
	title={UNDERBALANCED DRILLING: LIMITS AND EXTREMES}
	publisher={dgdf}
}

@article{b,
	Author={abc}
	year={2011}
	title={Managed pressure drilling}
	publisher={q∆∞e}
}
